
@article{flp,
  title={Impossibility of distributed consensus with one faulty process},
  author={Fischer, Michael J and Lynch, Nancy A and Paterson, Michael S},
  journal={Journal of the ACM (JACM)},
  volume={32},
  number={2},
  pages={374â€“382},
  year={1985},
  publisher={ACM}
}

@BOOK{bcbook15,
  TITLE = {Blockchain: Blueprint for a new economy},
  AUTHOR = {Swan, Melanie},
  YEAR = {2015}, 
  PUBLISHER = {O'Reilly Media}
}

@inproceedings{Castro99,
 author = {Castro, Miguel and Liskov, Barbara},
 title = {Practical Byzantine Fault Tolerance},
 booktitle = {Proceedings of the Third Symposium on Operating Systems Design and Implementation},
 series = {OSDI '99},
 year = {1999},
 isbn = {1-880446-39-1},
 location = {New Orleans, Louisiana, USA},
 pages = {173--186},
 numpages = {14},
 url = {http://dl.acm.org/citation.cfm?id=296806.296824},
 acmid = {296824},
 publisher = {USENIX Association},
 address = {Berkeley, CA, USA},
} 

@article{Lamport82,
 author = {Lamport, Leslie and Shostak, Robert and Pease, Marshall},
 title = {The Byzantine Generals Problem},
 journal = {ACM Trans. Program. Lang. Syst.},
 issue_date = {July 1982},
 volume = {4},
 number = {3},
 month = jul,
 year = {1982},
 issn = {0164-0925},
 pages = {382--401},
 numpages = {20},
 url = {http://doi.acm.org/10.1145/357172.357176},
 doi = {10.1145/357172.357176},
 acmid = {357176},
 publisher = {ACM},
 address = {New York, NY, USA},
} 

@MISC{bitcoin08,
    author = {Satoshi Nakamoto},
    title = {Bitcoin: A peer-to-peer electronic cash system},
    URL={http://bitcoin.org/bitcoin.pdf},
    year = {2008}
}

@MISC{ppcoin12,
    author = {Sunny King, Scott Nadal},
    title = {PPCoin: Peer-to-Peer Crypto-Currency with Proof-of-Stake},
    URL={http://www.peercoin.net/},
    year = {2012}
}

@MISC{dpos14,
    author = {Daniel Larimer},
    title = {Delegated proof-of-stake (dpos)},
    year = {2014}
}

@MISC{raiblock17,
    author = {Colin LeMahieu},
    title = {Raiblocks: A feeless distributed cryptocurrency network},
    URL={https://raiblocks. net/media/RaiBlocks_Whitepaper__English.pdf},
    year = {2017}
}

@MISC{dagcoin15,
    author = {Sergio Demian Lerner},
    title = {DagCoin},
    URL={https://bitslog.files.wordpress.com/2015/09/dagcoin-v41.pdf},
    year = {2015}
}

@MISC{tangle17,
    author = {Serguei Popov},
    title = {The Tangle},
    URL={https://iotatoken.com/IOTA_Whitepaper.pdf},
    year = {2017}
}

@techreport{hashgraph16,
  title={Hashgraph consensus: fair, fast, byzantine fault tolerance},
  author={Leemon Baird},
  URL={https://www.swirlds.com/downloads/SWIRLDS-TR-2016-01.pdf},
  year={2016}
}

@MISC{byteball16,
    author = {Anton Churyumov},
    title = {Byteball: A Decentralized System for Storage and Transfer of Value},
    URL={https://byteball.org/Byteball.pdf},
    year = {2016}
}

@article{algorand16,
  title={Algorand},
  author={Chen, Jing and Micali, Silvio},
  journal={arXiv preprint arXiv:1607.01341},
  year={2016}
}

@inproceedings{algorand17,
  title={Algorand: Scaling byzantine agreements for cryptocurrencies},
  author={Gilad, Yossi and Hemo, Rotem and Micali, Silvio and Vlachos, Georgios and Zeldovich, Nickolai},
  booktitle={Proceedings of the 26th Symposium on Operating Systems Principles},
  pages={51--68},
  year={2017},
  organization={ACM}
}

@inproceedings{honey16,
  title={The honey badger of BFT protocols},
  author={Miller, Andrew and Xia, Yu and Croman, Kyle and Shi, Elaine and Song, Dawn},
  booktitle={Proceedings of the 2016 ACM SIGSAC Conference on Computer and Communications Security},
  pages={31--42},
  year={2016},
  organization={ACM}
}

@article{paxos01,
  title={Paxos made simple},
  author={Lamport, Leslie and others},
  journal={ACM Sigact News},
  volume={32},
  number={4},
  pages={18--25},
  year={2001}
}

@article{randomized03,
  title={Randomized protocols for asynchronous consensus},
  author={Aspnes, James},
  journal={Distributed Computing},
  volume={16},
  number={2-3},
  pages={165--175},
  year={2003},
  publisher={Springer}
}

@article{zyzzyva07,
  title={Zyzzyva: speculative byzantine fault tolerance},
  author={Kotla, Ramakrishna and Alvisi, Lorenzo and Dahlin, Mike and Clement, Allen and Wong, Edmund},
  journal={ACM SIGOPS Operating Systems Review},
  volume={41},
  number={6},
  pages={45--58},
  year={2007},
  publisher={ACM}
}
@article{Fischer85,
  author    = {Michael J. Fischer and
               Nancy A. Lynch and
               Mike Paterson},
  title     = {Impossibility of Distributed Consensus with One Faulty Process},
  journal   = {J. {ACM}},
  volume    = {32},
  number    = {2},
  pages     = {374--382},
  year      = {1985},
  url       = {http://doi.acm.org/10.1145/3149.214121},
  doi       = {10.1145/3149.214121},
  timestamp = {Thu, 26 Jan 2012 17:31:31 +0100},
  biburl    = {https://dblp.org/rec/bib/journals/jacm/FischerLP85},
  bibsource = {dblp computer science bibliography, https://dblp.org}
}

@MISC{Blockmania18,
    author = {George Danezis and David Hrycyszyn},
    title = {Blockmania: from Block DAGs to Consensus},
    URL={arXiv:1809.01620},
    year = {2018}
}

@article{sompolinsky2016spectre,
  title={SPECTRE: A Fast and Scalable Cryptocurrency Protocol.},
  author={Sompolinsky, Yonatan and Lewenberg, Yoad and Zohar, Aviv},
  journal={IACR Cryptology ePrint Archive},
  volume={2016},
  pages={1159},
  year={2016}
}

@MISC{PHANTOM08,
    author = {Yonatan Sompolinsky and Aviv Zohar},
    title = {PHANTOM, GHOSTDAG: Two Scalable BlockDAG protocols},
    URL={https://eprint.iacr.org/2018/104.pdf},
    year = {2008}
}

@article{conflux18,
  title={Scaling Nakamoto Consensus to Thousands of Transactions per Second},
  author={Li, Chenxing and Li, Peilun and Xu, Wei and Long, Fan and Yao, Andrew Chi-chih},
  journal={arXiv preprint arXiv:1805.03870},
  year={2018}
}

@inproceedings{securehighrate15,
  title={Secure high-rate transaction processing in bitcoin},
  author={Sompolinsky, Yonatan and Zohar, Aviv},
  booktitle={International Conference on Financial Cryptography and Data Security},
  pages={507--527},
  year={2015},
  organization={Springer}
}
@article{lamport1978time,
  title={Time, clocks, and the ordering of events in a distributed system},
  author={Lamport, Leslie},
  journal={Communications of the ACM},
  volume={21},
  number={7},
  pages={558--565},
  year={1978},
  publisher={ACM}
}

@MISC{PARSEC18,
    author = {Pierre Chevalier, Bartomiej Kamin ski, Fraser Hutchison, Qi Ma, Spandan Sharma},
    title = {Protocol for Asynchronous, Reliable, Secure and Efficient Consensus (PARSEC)},
    URL={docs.maidsafe.net/Whitepapers/pdf/PARSEC.pdf},
    year = {2018}
}

@article{cck92,
	title={Concurrent common knowledge: defining agreement for asynchronous systems},
	author={Panangaden, Prakash and Taylor, Kim},
	journal={Distributed Computing},
	volume={6},
	number={2},
	pages={73--93},
	year={1992},
	publisher={Springer}
}    
    